<?xml version="1.0" encoding="UTF-8" ?>
<marc:record xmlns:marc="http://www.loc.gov/MARC21/slim"
    xmlns:xsi="http://www.w3.org/2001/XMLSchema-instance"
    xsi:schemaLocation="http://www.loc.gov/MARC21/slim http://www.loc.gov/standards/marcxml/schema/MARC21slim.xsd">
    <marc:leader>06580cam a2200613 i 4500</marc:leader>
    <marc:controlfield tag="001">9916405930107426</marc:controlfield>
    <marc:controlfield tag="005">20231006220918.0</marc:controlfield>
    <marc:controlfield tag="008">230928s2020    is      ob    000 0 eng d</marc:controlfield>
    <marc:datafield tag="016" ind1="7" ind2=" ">
        <marc:subfield code="a">CAT109916405930107426</marc:subfield>
        <marc:subfield code="2">DNAL</marc:subfield>
    </marc:datafield>
    <marc:datafield tag="024" ind1="7" ind2=" ">
        <marc:subfield code="a">10113/8134163</marc:subfield>
        <marc:subfield code="2">hdl</marc:subfield>
    </marc:datafield>
    <marc:datafield tag="024" ind1="7" ind2=" ">
        <marc:subfield code="a">10.32747/2020.8134163.bard</marc:subfield>
        <marc:subfield code="2">doi</marc:subfield>
    </marc:datafield>
    <marc:datafield tag="035" ind1=" " ind2=" ">
        <marc:subfield code="a">(OCoLC)on1400202931</marc:subfield>
    </marc:datafield>
    <marc:datafield tag="040" ind1=" " ind2=" ">
        <marc:subfield code="a">AGL</marc:subfield>
        <marc:subfield code="b">eng</marc:subfield>
        <marc:subfield code="e">rda</marc:subfield>
        <marc:subfield code="c">AGL</marc:subfield>
        <marc:subfield code="d">AGL</marc:subfield>
    </marc:datafield>
    <marc:datafield tag="049" ind1=" " ind2=" ">
        <marc:subfield code="a">AGLL</marc:subfield>
    </marc:datafield>
    <marc:datafield tag="050" ind1="1" ind2="4">
        <marc:subfield code="a">SB731</marc:subfield>
        <marc:subfield code="b">.W36 2020</marc:subfield>
    </marc:datafield>
    <marc:datafield tag="070" ind1="0" ind2=" ">
        <marc:subfield code="a">SB731</marc:subfield>
        <marc:subfield code="b">.W36 2020</marc:subfield>
    </marc:datafield>
    <marc:datafield tag="100" ind1="1" ind2=" ">
        <marc:subfield code="a">Wang, X. F.,</marc:subfield>
        <marc:subfield code="e">author</marc:subfield>
        <marc:subfield code="u">Virginia Polytech Inst. &amp; State Univ.</marc:subfield>
    </marc:datafield>
    <marc:datafield tag="245" ind1="1" ind2="0">
        <marc:subfield code="a">Systems biology approaches to dissect virus-host interactions to develop crops with broad-spectrum virus resistance /</marc:subfield>
        <marc:subfield code="c">X.F. Wang, M. Schuldiner.</marc:subfield>
    </marc:datafield>
    <marc:datafield tag="264" ind1=" " ind2="1">
        <marc:subfield code="a">Israel :</marc:subfield>
        <marc:subfield code="b">United States-Israel Binational Agricultural Research and Development Fund,</marc:subfield>
        <marc:subfield code="c">2020</marc:subfield>
    </marc:datafield>
    <marc:datafield tag="300" ind1=" " ind2=" ">
        <marc:subfield code="a">1 online resource (9 pages)</marc:subfield>
    </marc:datafield>
    <marc:datafield tag="336" ind1=" " ind2=" ">
        <marc:subfield code="a">text</marc:subfield>
        <marc:subfield code="b">txt</marc:subfield>
        <marc:subfield code="2">rdacontent</marc:subfield>
    </marc:datafield>
    <marc:datafield tag="337" ind1=" " ind2=" ">
        <marc:subfield code="a">computer</marc:subfield>
        <marc:subfield code="b">c</marc:subfield>
        <marc:subfield code="2">rdamedia</marc:subfield>
    </marc:datafield>
    <marc:datafield tag="338" ind1=" " ind2=" ">
        <marc:subfield code="a">online resource</marc:subfield>
        <marc:subfield code="b">cr</marc:subfield>
        <marc:subfield code="2">rdacarrier</marc:subfield>
    </marc:datafield>
    <marc:datafield tag="500" ind1=" " ind2=" ">
        <marc:subfield code="a">&quot;Three year research project&quot;</marc:subfield>
    </marc:datafield>
    <marc:datafield tag="500" ind1=" " ind2=" ">
        <marc:subfield code="a">&quot;Project award year: 2017&quot;</marc:subfield>
    </marc:datafield>
    <marc:datafield tag="500" ind1=" " ind2=" ">
        <marc:subfield code="a">&quot;BARD Final Report US-5029-17&quot;</marc:subfield>
    </marc:datafield>
    <marc:datafield tag="504" ind1=" " ind2=" ">
        <marc:subfield code="a">Includes bibliographical references (page 9)</marc:subfield>
    </marc:datafield>
    <marc:datafield tag="520" ind1="3" ind2=" ">
        <marc:subfield code="a">More than 60% of plant viruses are positive-strand RNA viruses that cause billion-dollar losses annually and pose a major threat to stable agricultural production, including cucumber mosaic virus (CMV) that infects numerous vegetables and ornamental trees. A highly conserved feature among these viruses is that they form viral replication complexes (VRCs) to multiply their genomes by hijacking host proteins and remodeling host intracellular membranes. As a conserved and indispensable process, VRC assembly also represents an excellent target for the development of antiviral strategies that can be used to control a wide-range of viruses. Using CMV and a model virus, brome mosaic virus (BMV), and relying on genomic tools and tailor-made large-scale resources specific for the project, our original objectives were to: 1) Identify host proteins that are required for viral replication complex assembly. 2) Dissect host requirements that determine viral host range. 3) Provide proof-of-concept evidence of a viral control strategy by blocking the viral replication complex-localized phospholipid synthesis. We expect to provide new ways and new concepts to control multiple viruses by targeting a conserved feature among positive-strand RNA viruses based on our results. Our work is going according to the expected timeline and we are progressing well on all aims. For Objective 1, among ~6,000 yeast genes, we have identified 96 hits that were possibly play critical roles in viral replication. These hits are involved in cellular pathways of 1) Phospholipid synthesis; 2) Membrane-shaping; 3) Sterol synthesis and transport; 4) Protein transport; 5) Protein modification, among many others. We are pursuing several genes involved in lipid metabolism and transport because cellular membranes are primarily composed of lipids and lipid compositional changes affect VRC formation and functions. For Objective 2, we have found that CPR5 proteins from monocotyledon plants promoted BMV replication while those from dicotyledon plants inhibited it, providing direct evidence that CPR5 protein determines the host range of BMV. We are currently examining the mechanisms by which dicot CPR5 genes inhibit BMV replication and expressing the dicot CPR5 genes in monocot plants to control BMV infection. For Objective 3, we have demonstrated that substitutions in a host gene involved in lipid synthesis, CHO2, prevented the VRC formation by directing BMV replication protein 1a (BMV 1a), which remodels the nuclear membrane to form VRCs, away from the nuclear membrane, and thus, no VRCs were formed. This has been reported in Journal of Biological Chemistry. Based on the results from Objective 3, we have extended our plan to demonstrate that an amphipathic alpha-helix in BMV 1a is necessary and sufficient to target BMV 1a to the nuclear membrane. We further found that the counterparts of the BMV 1a helix from a group of viruses in the alphavirus-like superfamily, such as CMV, hepatitis E virus, and Rubella virus, are sufficient to target VRCs to the designated membranes, revealing a conserved feature among the superfamily. A joint manuscript describing these exciting results and authored by the two labs will be submitted shortly. We have also successfully set up systems in tomato plants: 1) to efficiently knock down gene expression via virus-induced gene silencing so we could test effects of lacking a host gene(s) on CMV replication; 2) to overexpress any gene transiently from a mild virus (potato virus X) so we could test effects of the overexpressed gene(s) on CMV replication. In summary, we have made promising progress in all three Objectives. We have identified multiple new host proteins that are involved in VRC formation and may serve as good targets to develop antiviral strategies; have confirmed that CPR5 from dicot plants inhibited viral infection and are generating BMV-resistance rice and wheat crops by overexpressing dicot CPR5 genes; have demonstrated to block viral replication by preventing viral replication protein from targeting to the designated organelle membranes for the VRC formation and this concept can be further employed for virus control. We are grateful to BARD funding and are excited to carry on this project in collaboration.</marc:subfield>
    </marc:datafield>
    <marc:datafield tag="593" ind1=" " ind2=" ">
        <marc:subfield code="e">report paper</marc:subfield>
    </marc:datafield>
    <marc:datafield tag="650" ind1=" " ind2="0">
        <marc:subfield code="a">Agricultural pests.</marc:subfield>
    </marc:datafield>
    <marc:datafield tag="650" ind1=" " ind2="0">
        <marc:subfield code="a">Vegetables</marc:subfield>
        <marc:subfield code="x">Diseases and pests.</marc:subfield>
    </marc:datafield>
    <marc:datafield tag="650" ind1=" " ind2="0">
        <marc:subfield code="a">Host-virus relationships.</marc:subfield>
    </marc:datafield>
    <marc:datafield tag="655" ind1=" " ind2="7">
        <marc:subfield code="a">report paper</marc:subfield>
        <marc:subfield code="2">DNAL</marc:subfield>
    </marc:datafield>
    <marc:datafield tag="700" ind1="1" ind2=" ">
        <marc:subfield code="a">Schuldiner, M.,</marc:subfield>
        <marc:subfield code="e">author</marc:subfield>
        <marc:subfield code="u">Weizmann Institute of Science</marc:subfield>
    </marc:datafield>
    <marc:datafield tag="710" ind1="2" ind2=" ">
        <marc:subfield code="a">United States-Israel Binational Agricultural Research and Development Fund,</marc:subfield>
        <marc:subfield code="e">sponsoring body.</marc:subfield>
    </marc:datafield>
    <marc:datafield tag="710" ind1="2" ind2=" ">
        <marc:subfield code="a">Virginia Polytechnic Institute and State University.</marc:subfield>
    </marc:datafield>
    <marc:datafield tag="787" ind1="1" ind2=" ">
        <marc:subfield code="o">product_naldc</marc:subfield>
    </marc:datafield>
    <marc:datafield tag="787" ind1="1" ind2=" ">
        <marc:subfield code="o">naldc_COLL00002</marc:subfield>
    </marc:datafield>
    <marc:datafield tag="856" ind1="4" ind2="0">
        <marc:subfield code="u">https://www.bard-isus.com/FinalRep/5029.pdf</marc:subfield>
    </marc:datafield>
    <marc:datafield tag="856" ind1=" " ind2=" ">
        <marc:subfield code="u">https://handle.nal.usda.gov/10113/8134163</marc:subfield>
        <marc:subfield code="z">CrossRef DOI Landing Page</marc:subfield>
    </marc:datafield>
    <marc:datafield tag="856" ind1="4" ind2="0">
        <marc:subfield code="u">https://dx.doi.org/10.32747/2020.8134163.bard</marc:subfield>
        <marc:subfield code="3">Available in the National Agricultural Library Digital Collections</marc:subfield>
    </marc:datafield>
    <marc:datafield tag="912" ind1=" " ind2=" ">
        <marc:subfield code="a">Digital item</marc:subfield>
    </marc:datafield>
    <marc:datafield tag="919" ind1=" " ind2=" ">
        <marc:subfield code="a">axu</marc:subfield>
    </marc:datafield>
    <marc:datafield tag="926" ind1=" " ind2=" ">
        <marc:subfield code="a">PDF model</marc:subfield>
    </marc:datafield>
    <marc:datafield tag="930" ind1=" " ind2=" ">
        <marc:subfield code="a">20231006</marc:subfield>
        <marc:subfield code="b">00000000</marc:subfield>
        <marc:subfield code="c">00000000</marc:subfield>
    </marc:datafield>
    <marc:datafield tag="946" ind1=" " ind2=" ">
        <marc:subfield code="a">Non-US</marc:subfield>
    </marc:datafield>
    <marc:datafield tag="958" ind1=" " ind2=" ">
        <marc:subfield code="b">e</marc:subfield>
        <marc:subfield code="c">2023/09/28</marc:subfield>
        <marc:subfield code="d">o</marc:subfield>
        <marc:subfield code="e">pdesai</marc:subfield>
        <marc:subfield code="h">cfr</marc:subfield>
    </marc:datafield>
    <marc:datafield tag="964" ind1=" " ind2=" ">
        <marc:subfield code="a">BARD</marc:subfield>
    </marc:datafield>
    <marc:datafield tag="965" ind1=" " ind2=" ">
        <marc:subfield code="a">2023-10-06</marc:subfield>
    </marc:datafield>
    <marc:datafield tag="972" ind1=" " ind2=" ">
        <marc:subfield code="a">Issued</marc:subfield>
    </marc:datafield>
    <marc:datafield tag="974" ind1=" " ind2=" ">
        <marc:subfield code="a">agid:8134163</marc:subfield>
    </marc:datafield>
    <marc:datafield tag="987" ind1=" " ind2=" ">
        <marc:subfield code="a">pdesai</marc:subfield>
    </marc:datafield>
    <marc:datafield tag="990" ind1=" " ind2=" ">
        <marc:subfield code="c">NAL DOI Collection</marc:subfield>
    </marc:datafield>
    <marc:datafield tag="994" ind1=" " ind2=" ">
        <marc:subfield code="a">C0</marc:subfield>
        <marc:subfield code="b">AGL</marc:subfield>
    </marc:datafield>
</marc:record>
